@article{krasnopolsky2010reordered,
  title={The reordered BiCGStab method for distributed memory computer systems},
  author={Krasnopolsky, Boris},
  journal={Procedia Computer Science},
  volume={1},
  number={1},
  pages={213--218},
  year={2010},
  publisher={Elsevier}
}
@article{adelmann2010fast,
  title={A fast parallel Poisson solver on irregular domains applied to beam dynamics simulations},
  author={Adelmann, Andreas and Arbenz, Peter and Ineichen, Yves},
  journal={Journal of Computational Physics},
  volume={229},
  number={12},
  pages={4554--4566},
  year={2010},
  publisher={Elsevier}
}
@article{chow2006survey,
  title={A survey of parallelization techniques for multigrid solvers},
  author={Chow, Edmond and Falgout, Robert D and Hu, Jonathan J and Tuminaro, Raymond S and Yang, Ulrike Meier},
  journal={Parallel processing for scientific computing},
  pages={179--201},
  year={2006},
  publisher={SIAM}
}